@misc { cred_dump,
  author = {Vincent Le Toux, Ed Williams, Trustwave and SpiderLabs},
  title = {Credential Dumping},
  url = {https://attack.mitre.org/techniques/T1003/},
}

@misc { nvd, 
  title = {CVE-2009-0183 Detail},
  url = {http://nvd.nist.gov/vuln/detail/CVE-2009-0183},
  year = {2018},
  month = {October},
}

@misc { crack,
  title = {Free Password Hash Cracker},
  url = {https://crackstation.net/},
  year = {2019},
  month = {May},
}

@misc { metasploit,
  title = {Converting Metasploit Module to Stand Alone},
  url = {https://netsec.ws/?p=262},
  author = {Peleus},
}
